@ONLINE{AdaIC,
title = { Ada Information ClearingHouse: News and resources for Ada programming language },
url = {http://www.adaic.org}
}